@article {anderson63,
    AUTHOR = {Anderson, T. W.},
     TITLE = {Asymptotic theory for principal component analysis},
   JOURNAL = {Ann. Math. Statist.},
  FJOURNAL = {Annals of Mathematical Statistics},
    VOLUME = {34},
      YEAR = {1963},
     PAGES = {122--148},
      ISSN = {0003-4851},
   MRCLASS = {62.40},
  MRNUMBER = {0145620 (26 \#3149)},
MRREVIEWER = {R. L. Plackett},
}

@article{bai08central,
  author = {Bai, Z. and Yao, J.-f.},
  title={Central limit theorems for eigenvalues in a spiked population model},
  journal = {Annales de l'Institut Henri Poincar\'e - Probabilit\'es et Statistiques},
  year={2008},
  volume={44},
  pages={447--474}
}

@article{harding2008explaining,
  title={Explaining the single factor bias of arbitrage pricing models in finite samples},
  author={Harding, M. C.},
  journal={Economics Letters},
  volume={99},
  number={1},
  pages={85--88},
  year={2008},
  publisher={Elsevier}
}

@article{kritchman2008determining,
  title={Determining the number of components in a factor model from limited noisy data},
  author={Kritchman, S. and Nadler, B.},
  journal={Chemometrics and Intelligent Laboratory Systems},
  volume={94},
  number={1},
  pages={19--32},
  year={2008},
  publisher={Elsevier}
}

@article{kritchman2009non,
  title={Non-parametric detection of the number of signals: Hypothesis testing and random matrix theory},
  author={Kritchman, S. and Nadler, B.},
  journal={Signal Processing, IEEE Transactions on},
  volume={57},
  number={10},
  pages={3930--3941},
  year={2009},
  publisher={IEEE}
}

@article {okamoto73,
    AUTHOR = {Okamoto, Masashi},
     TITLE = {Distinctness of the eigenvalues of a quadratic form in a
              multivariate sample},
   JOURNAL = {Ann. Statist.},
  FJOURNAL = {The Annals of Statistics},
    VOLUME = {1},
      YEAR = {1973},
     PAGES = {763--765},
      ISSN = {0090-5364},
   MRCLASS = {62H10},
  MRNUMBER = {0331643 (48 \#9975)},
}

@article{patterson2006population,
  title={Population structure and eigenanalysis},
  author={Patterson, N. and Price, A. L. and Reich, D.},
  journal={PLoS genetics},
  volume={2},
  number={12},
  pages={e190},
  year={2006}
}

@article{perry2010minimax,
  title={Minimax rank estimation for subspace tracking},
  author={Perry, P. O. and Wolfe, P. J.},
  journal={Selected Topics in Signal Processing, IEEE Journal of},
  volume={4},
  number={3},
  pages={504--513},
  year={2010},
  publisher={IEEE}
}

